<?xml version="1.0" encoding="UTF-8"?><collection xmlns="http://www.loc.gov/MARC21/slim"><record><leader>00569nam--2200181-i-4500</leader><controlfield tag="001">000027183</controlfield><controlfield tag="002">20161230</controlfield><controlfield tag="005">20161230201036</controlfield><controlfield tag="008">060222s1000------------r-----000-0-eng-d</controlfield><datafield ind1=" " ind2=" " tag="040"><subfield code="a">IFIN-HH</subfield></datafield><datafield ind1=" " ind2=" " tag="080"><subfield code="a">539.2.91.3:661.8:537.311</subfield></datafield><datafield ind1="1" ind2=" " tag="100"><subfield code="a">Kofstad, Per</subfield></datafield><datafield ind1="1" ind2="0" tag="245"><subfield code="a">Nonstoichiometry, diffusion and electrical conductivity in binary metal oxides</subfield><subfield code="c">Per kofstad</subfield></datafield><datafield ind1=" " ind2=" " tag="260"><subfield code="a">New York</subfield><subfield code="b">Wiley-interscience</subfield><subfield code="c">1972</subfield></datafield><datafield ind1=" " ind2=" " tag="300"><subfield code="a">XI + 382P</subfield></datafield><datafield ind1=" " ind2=" " tag="490"><subfield code="a">Wiley Series On The Science And Technology Of Materials</subfield></datafield><datafield ind1=" " ind2=" " tag="852"><subfield code="a">36548</subfield><subfield code="c">539.217</subfield></datafield><datafield ind1=" " ind2=" " tag="CAT"><subfield code="a">Sys</subfield><subfield code="c">20121210</subfield><subfield code="h">150604</subfield></datafield></record></collection>